@misc{whatisanfpga,
	author = {AMD Xilinx},
	title = {What is an FPGA?},
	howpublished = {\url{xilinx.com/products/silicon-devices/fpga/what-is-an-fpga.html}},
	note = {(Accessed October 2023)}
}

@misc{vivado-risk-v,
	author = {Eugene Tarassov},
	title = {vivado-risk-v},
	howpublished = {\url{github.com/eugene-tarassov/vivado-risc-v}}
}